@book{karatzas1991brownian,
  author    = {Karatzas, Ioannis and Shreve, Steven E.},
  title     = {Brownian Motion and Stochastic Calculus},
  publisher = {Springer},
  year      = {1991},
}