@article{galam2016trump,
    author = {Galam, Serge},
    title = {The Trump phenomenon: An explanation from sociophysics},
    journal = {International Journal of Modern Physics B},
    year = {2016},
    month = {September}
}

@book{galam2015stubbornness,
    author = {Galam, Serge},
    title = {Stubbornness as an unfortunate key to win a public debate: an illustration from sociophysics},
    publisher = {Springer-Verlag Berlin Heidelberg},
    year = {2015},
    month = {February}
}

@misc{galam2020tipping,
    author = {Galam, Serge},
    title = {Tipping Points in Opinion Dynamics: A Universal Formula in Five Dimensions},
    institution = {CEVIPOF - Centre for Political Research, Sciences Po and CNRS, Paris, France and Laboratory of Physics, Kochi University of Technology, Kochi, Japan},
    year = {2020},
    month = {November}
}
